@book{ SS_OIT,
  author = {Humblet, M and Silva, R},
  year = {2002},
  title = {Normas para el siglo XXI: Seguridad social.},
  publisher = {Organización Internacional del Trabajo}
}

@legislation{ConsEcu:2008,
  shorttitle = {{Constitución de la República del Ecuador}},
  title = {{Constitución de la República del Ecuador}},
  author = {{Asamblea Constituyente de la República del Ecuador}},
  publisher = {{Constitución de la República del Ecuador}},
  series = {{Registro Oficial 449}},
  year = {2008},
  date = {2008-10-20},
  address = {Quito}
}

@legislation{LeySS,
  shorttitle = {{Ley de Seguridad Social}},
  title = {{Ley de Seguridad Social}},
  author = {{Congreso Nacional del Ecuador}},
  publisher = {{Congreso Nacional del Ecuador}},
  series = {{Suplemento del Registro Oficial 465}},
  year = {2001},
  date = {2001-11-30},
  address = {Quito},
  note = {{(Incluidas todas las reformas vigentes.)}}
}

@book{iessboletin2022,
  shorttitle = {{Boletín estadístico No. 27}},
  title     = {{Boletín estadístico No. 27}},
  author    = {{Instituto Ecuatoriano de Seguridad Social}},
  publisher = {Instituto Ecuatoriano de Seguridad Social},
  year      = {2022},
  url       = {https://www.iess.gob.ec/documents/10162/8421754/08_BOLETIN_ESTADISTICO_27_2022}
}

@book{ iessivm2020,
  shorttitle = {{Valuación Actuarial IVM, DAIE}},
  title = {{Valuación Actuarial del Seguro Vejez, Invalidez y Muerte del Seguro General Obligatorio}},
  author = {{Instituto Ecuatoriano de Seguridad Social}},
  publisher = {Instituto Ecuatoriano de Seguridad Social},
  year = {2020},
  date = {2020-09-16},
  address = {Quito, Ecuador}
}

@legislation{ ResIESS_CD656,
  shorttitle = {{Resolución No. C.D. 656}},
  title = {{Resolución No. C.D. 656, Reformar la Resolución No. C.D. 625 de 31 de Diciembre de 2020, que expidió el Reglamento de Aseguramiento, Recaudación y Gestión de Cartera del IESS, Libro I}},
  author = {{Consejo Directivo del IESS}},
  publisher = {{Instituto Ecuatoriano de Seguridad Social, IESS}},
  year = {2023},
  date = {2023-04-04},
  address = {Quito}
}

@legislation{ ResIESS_CD100,
  shorttitle = {{Resolución No. C.D. 100}},
  title = {{Resolución No. C.D. 100, Reglamento Interno del Régimen de Transición del Seguro de 
  Invalidez, Vejez y Muerte}},
  author = {{Consejo Directivo del IESS}},
  publisher = {{Instituto Ecuatoriano de Seguridad Social, IESS}},
  series = {{Registro Oficial No. 225}},
  year = {2006},
  date = {2006-03-09},
  address = {Quito}
}

@report{ILO:2001,
  author       = {{Organización Internacional del Trabajo}},
  title        = {Seguridad social: Un nuevo consenso},
  year         = {2001},
  institution  = {Organización Internacional del Trabajo},
  url          = {https://webapps.ilo.org/public/spanish/standards/relm/ilc/ilc89/pdf/rep-vi.pdf},
  note         = {Informe VI de la Conferencia Internacional del Trabajo, 89ª Reunión},
}

@report{UN:2019,
  author       = {{United Nations, Department of Economic and Social Affairs, Population Division}},
  title        = {World Population Prospects 2019: Highlights},
  year         = {2019},
  institution  = {United Nations},
  url          = {https://population.un.org/wpp/publications/files/wpp2019_highlights.pdf},
  note         = {ST/ESA/SER.A/423},
}

@legislation{ CristianVIUTFM,
  shorttitle = {{Repositorio Github-Trabajo de Fin de máster-VIU\_TFM}},
  title = {{Repositorio Github-Trabajo de Fin de máster-VIU\_TFM}},
  author = {{Guatemal Cristian}},
  publisher = {{Github}},
  year = {2024},
  address = {Quito}
}

@legislation{ ResIESS_CI150,
  shorttitle = {{Resolución No. C.I. 150}},
  title = {{Resolución No. C.I. 150}},
  author = {{Comisión Interventora}},
  publisher = {{Instituto Ecuatoriano de Seguridad Social}},
  year = {2003},
  date = {2003-01-21},
  address = {Quito}
}

@legislation{ ResIESS_CD081,
  shorttitle = {{Resolución No. C.D. 081}},
  title = {{Resolución No. C.D. 081}},
  author = {{Consejo Directivo del IESS}},
  publisher = {{Instituto Ecuatoriano de Seguridad Social}},
  year = {2005},
  date = {2005-10-13},
  address = {Quito}
}

@legislation{ ResIESS_CD501,
  shorttitle = {{Resolución No. C.D. 501}},
  title = {{Resolución No. C.D. 501, Consolidación de tablas de distribución de las tasas de 
  aportación al IESS}},
  author = {{Consejo Directivo del IESS}},
  publisher = {{Instituto Ecuatoriano de Seguridad Social}},
  series = {{Registro Oficial No. 703}},
  year = {2016},
  date = {2016-03-02},
  address = {Quito}
}

@legislation{ ResIESS_CD515,
  shorttitle = {{Resolución No. C.D. 515}},
  title = {{Resolución No. C.D. 515, Reglamento para la aplicación de la cesantía y seguro de 
  desempleo}},
  author = {{Consejo Directivo del IESS}},
  publisher = {{Instituto Ecuatoriano de Seguridad Social, IESS}},
  series = {{Registro Oficial No. 794}},
  year = {2016},
  date = {2016-06-11},
  address = {Quito}
}

@legislation{ ResIESS_CD609,
  shorttitle = {{Resolución No. C.D. 609}},
  title = {{Prima para el Financiamiento de las Décimas Tercera y Cuarta Remuneración y Auxilios 
  Funerales para cubrir el aporte que dejo de percibir del 2,76\% que realizaban los Pensionistas y 
  el Seguro de Desempleo.}},
  author = {{Consejo Directivo del IESS}},
  publisher = {{Instituto Ecuatoriano de Seguridad Social, IESS}},
  series = {{}},
  year = {2020},
  date = {2020-09-19},
  address = {Quito}
}

@legislation{ ResIESS_CI141,
  shorttitle = {{Resolución No. C.I. 141}},
  title = {{Resolución No. C.I. 141}},
  author = {{Consejo Interventora}},
  publisher = {{Instituto Ecuatoriano de Seguridad Social}},
  series = {{}},
  year = {2002},
  date = {2002-07-16},
  address = {Quito}
}  

@legislation{ ResIESS_CD459,
  shorttitle = {{Resolución No. C.D. 459}},
  title = {{Resolución No. C.D. 459, Responsabilidad de la actualización de las tablas biométricas; 
  y, la tasa actuarial, Vejez y Muerte}},
  author = {{Consejo Directivo del IESS}},
  publisher = {{Instituto Ecuatoriano de Seguridad Social}},
  series = {{Registro Oficial No. 113}},
  year = {2013},
  date = {2013-10-31},
  address = {Quito}
}

@legislation{ ResIESS_CD596,
  shorttitle = {{Resolución No. C.D. 596}},
  title = {{Resolución No. C.D. 596}},
  author = {{Consejo Directivo del IESS}},
  publisher = {{Instituto Ecuatoriano de Seguridad Social}},
  series = {{Edición Especial del Registro Oficial No. 175}},
  year = {2020},
  date = {2020-04-02},
  address = {Quito}
}

@book{texbook,
  author = {Donald E. Knuth},
  year = {1986},
  title = {The {\TeX} Book},
  publisher = {Addison-Wesley Professional}
}

@book{latex:companion,
  author = {Mittelbach, Frank and Gossens, Michel 
            and Braams, Johannes and Carlisle, David
            and Rowley, Chris},
  year = {2004},
  title = {The {\LaTeX} Companion},
  publisher = {Addison-Wesley Professional},
  edition = {2}
}

@book{latex2e,
  author = {Lamport, Leslie},
  year = {1994},
  title = {{\LaTeX}: a Document Preparation System},
  publisher = {Addison Wesley},
  address = {Massachusetts},
  edition = {2}
}

@article{knuth:1984,
  title={Literate Programming},
  author={Donald E. Knuth},
  journal={The Computer Journal},
  volume={27},
  number={2},
  pages={97--111},
  year={1984},
  publisher={Oxford University Press}
}

@inproceedings{lesk:1977,
  title={Computer Typesetting of Technical Journals on {UNIX}},
  author={Lesk, Michael and Kernighan, Brian},
  booktitle={Proceedings of American Federation of
             Information Processing Societies: 1977
             National Computer Conference},
  pages={879--888},
  year={1977},
  address={Dallas, Texas}
}

@Inbook{ElNaqa2015,
author="El Naqa, Issam
and Murphy, Martin J.",
editor="El Naqa, Issam
and Li, Ruijiang
and Murphy, Martin J.",
title="What Is Machine Learning?",
bookTitle="Machine Learning in Radiation Oncology: Theory and Applications",
year="2015",
publisher="Springer International Publishing",
address="Cham",
pages="3--11",
abstract="Machine learning is an evolving branch of computational algorithms that are designed to emulate human intelligence by learning from the surrounding environment. They are considered the working horse in the new era of the so-called big data. Techniques based on machine learning have been applied successfully in diverse fields ranging from pattern recognition, computer vision, spacecraft engineering, finance, entertainment, and computational biology to biomedical and medical applications. More than half of the patients with cancer receive ionizing radiation (radiotherapy) as part of their treatment, and it is the main treatment modality at advanced stages of local disease. Radiotherapy involves a large set of processes that not only span the period from consultation to treatment but also extend beyond that to ensure that the patients have received the prescribed radiation dose and are responding well. The degrees of the complexity of these processes can vary and may involve several stages of sophisticated human-machine interactions and decision making, which would naturally invite the use of machine learning algorithms into optimizing and automating these processes including but not limited to radiation physics quality assurance, contouring and treatment planning, image-guided radiotherapy, respiratory motion management, treatment response modeling, and outcomes prediction. The ability of machine learning algorithms to learn from current context and generalize into unseen tasks would allow improvements in both the safety and efficacy of radiotherapy practice leading to better outcomes.",
isbn="978-3-319-18305-3",
doi="10.1007/978-3-319-18305-3_1",
url="https://doi.org/10.1007/978-3-319-18305-3_1"
}

@book{geron2023hands,
  title = {Hands-On Machine Learning with Scikit-Learn, Keras, and TensorFlow},
  author = {Aurélien Géron},
  year = {2023},
  edition = {3rd},
  publisher = {O'Reilly Media},
  address = {Sebastopol, CA},
  isbn = {978-1-098-12597-4}
}

@incollection{alloghani2020systematic,
  title={A systematic review on supervised and unsupervised machine learning algorithms for data science},
  author={Alloghani, M. and Al-Jumeily, D. and Mustafina, J. and Hussain, A. and Al-Jaaf, A. J.},
  booktitle={Supervised and unsupervised learning for data science},
  pages={3--21},
  year={2020}
}


@article{naeem2023unsupervised,
  title={An Unsupervised Machine Learning Algorithms: Comprehensive Review},
  author={Naeem, Samreen and Ali, Aqib and Anam, Sania and Ahmed, Muhammad Munawar},
  journal={International Journal of Computing and Digital Systems},
  volume={13},
  number={1},
  pages={911--921},
  year={2023},
  doi={10.12785/ijcds/130172},
  url={http://journals.uob.edu.bh},
  publisher={University of Bahrain}
}

@inproceedings{kanagala2016comparative,
  title={A comparative study of K-means, DBSCAN, and OPTICS},
  author={Kanagala, Hari Krishna and Krishnaiah, V. V. Jaya Rama},
  booktitle={2016 International Conference on Computer Communication and Informatics (ICCCI)},
  pages={1--5},
  year={2016},
  organization={IEEE},
  doi={10.1109/ICCCI.2016.7479992}
}
